<?xml version="1.0" ?>
<Document xmlns:xsi="http://www.w3.org/2001/XMLSchema-instance" xmlns:xsd="http://www.w3.org/2001/XMLSchema"
		  xmlns="urn:iso:std:iso:20022:tech:xsd:camt.053.001.02"
		  xsi:schemaLocation="urn:iso:std:iso:20022:tech:xsd:camt.053.001.02 camt.053.001.02.xsd">
	<BkToCstmrStmt>
		<GrpHdr>
			<MsgId>201703260000000_20170326170158591</MsgId>
			<CreDtTm>2018-02-01 14:37:57.583091</CreDtTm>
		</GrpHdr>
		<Stmt>
			<Id>201703261701589650000001</Id>
			<CreDtTm>2018-02-01 14:37:57.583310</CreDtTm>
			<FrToDt>
				<FrDtTm>2016-09-01</FrDtTm>
				<ToDtTm>2016-12-31</ToDtTm>
			</FrToDt>
			<Acct>
				<Id>
					<IBAN>NL29INGB0642516537</IBAN>
				</Id>
				<Tp>
					<Cd>CACC</Cd>
				</Tp>
				<Ccy>EUR</Ccy>
				<Svcr>
					<FinInstnId>
						<BIC>INGBNL2A</BIC>
					</FinInstnId>
				</Svcr>
			</Acct>
			<Bal>
				<Tp>
					<CdOrPrtry>
						<Cd>OPBD</Cd>
					</CdOrPrtry>
				</Tp>
				<Amt Ccy="EUR">10000</Amt>
				<CdtDbtInd>DBIT</CdtDbtInd>
				<Dt>
					<Dt>2016-09-01</Dt>
				</Dt>
			</Bal>
			<Bal>
				<Tp>
					<CdOrPrtry>
						<Cd>CLBD</Cd>
					</CdOrPrtry>
				</Tp>
				<Amt Ccy="EUR">901.11</Amt>
				<CdtDbtInd>CRDT</CdtDbtInd>
				<Dt>
					<Dt>2016-12-31</Dt>
				</Dt>
			</Bal>
			<TxsSummry>
				<TtlNtries>
					<NbOfNtries>3</NbOfNtries>
					<Sum>1003.11</Sum>
				</TtlNtries>
				<TtlCdtNtries>
					<NbOfNtries>2</NbOfNtries>
					<Sum>1002.11</Sum>
				</TtlCdtNtries>
				<TtlDbtNtries>
					<NbOfNtries>1</NbOfNtries>
					<Sum>1</Sum>
				</TtlDbtNtries>
			</TxsSummry>
            <Ntry>
                <NtryRef>1234567890</NtryRef>
                <Amt Ccy="EUR">1</Amt>
                <CdtDbtInd>DBIT</CdtDbtInd>
                <Sts>BOOK</Sts>
                <BookgDt>
                    <Dt>2016-10-03</Dt>
                </BookgDt>
                <ValDt>
                    <Dt>2016-10-03</Dt>
                </ValDt>
                <AcctSvcrRef>1234567890</AcctSvcrRef>
            </Ntry>
			<Ntry>
				<NtryRef>1234567890</NtryRef>
				<Amt Ccy="EUR">2</Amt>
				<CdtDbtInd>CRDT</CdtDbtInd>
				<Sts>BOOK</Sts>
				<BookgDt>
					<Dt>2016-11-03</Dt>
				</BookgDt>
				<ValDt>
					<Dt>2016-11-03</Dt>
				</ValDt>
				<AcctSvcrRef>1234567890</AcctSvcrRef>
			</Ntry>
            <Ntry>
                <NtryRef>1234567890</NtryRef>
                <Amt Ccy="EUR">1000.11</Amt>
                <CdtDbtInd>CRDT</CdtDbtInd>
                <Sts>BOOK</Sts>
                <BookgDt>
                    <Dt>2016-12-03</Dt>
                </BookgDt>
                <ValDt>
                    <Dt>2016-12-03</Dt>
                </ValDt>
                <AcctSvcrRef>1234567890</AcctSvcrRef>
            </Ntry>
		</Stmt>
	</BkToCstmrStmt>
</Document>